transactionHash,amount0,amount1,sqrtPriceX96,liquidity,tick,timestamp
f00871b303489497d3c68ecde68957596080f48dc3578fa370847209073686e6,-206945863851438759,680760749,4542978097132672192772559,3295675097753821315,-195340,2025-01-12 16:00:23
a23610cc691f81cb94ff9ea4b114cb258b128bfddac1fa28387aa64437f26727,-10637714654729642741,35000000000,4543819077846166749667142,3295675097753821315,-195337,2025-01-12 16:00:59
663df80ff8879e0a31889bfa6f0e526995ae52e12a59c48b27fe2a4dc8187263,13511453152530382302,-44408458834,4542751496701432141013286,3295675097753821315,-195341,2025-01-12 16:01:23
1754f393c52a5b3cccc8b7dc896e0333d5b30ddf57fcde48b1afc9b65ffc3ef8,4246750897611832267,-13953601255,4542416051563447386607143,3295675097753821315,-195343,2025-01-12 16:01:23
6d79f5ae21d85334a1e8930a5f107e22123d6f7d638755c58aed8eeb5e190517,2678181088818203861,-8798672767,4542204531114607436707607,3295675097753821315,-195344,2025-01-12 16:01:47
5437b6b99d37d5f264021ffc7d54eeea1a2ecbf0a65c3abd004ffadc341ed4e6,5061132185627651000,-16625184292,4541804861012460043831143,3295675097753821315,-195346,2025-01-12 16:01:47
beff84899c63165d022ee5abc6be1796af71493bb6ed80b1e0b4abccdc814918,-83403205011821,274220,4541804867601402398323107,3295675097753821315,-195346,2025-01-12 16:02:23
ecf9f113fb54378e64f843b36b74d6fa68d5ba17c8c62b574f4323dfd0cad1e5,9289318484410105725,-30506634166,4541071486883384626602314,3295675097753821315,-195349,2025-01-12 16:02:47
f32aafd6e08eae999c3701c1f78c33bd42816cbd0cd6fd8cf8700c25a8a2ca16,339447812332976354,-1114578753,4541044692365122998938850,3295675097753821315,-195349,2025-01-12 16:04:23
11d14927325da979816847c60d00c2bbc5799e07c9aa49418b2eb957462e24e7,4000000000000000000,-13133031292,4540728973762202566013804,3295675097753821315,-195350,2025-01-12 16:05:11
957a0f2b8febcfea9e37e7ac12eef6520d2335338d46468593805986157f3b17,-2311680437320081475,7597215614,4540911519813844603661535,3295675097753821315,-195349,2025-01-12 16:06:23
8a5b3ed42bd6c9f8a9b9618cb164a8654a07a558418b47853833da43797f7b77,5405029627648962017,-17744631665,4540484938151609947850820,3295675097753821315,-195351,2025-01-12 16:06:23
4b19f0979e258d5afe04ff3eb605e481b31a6e9d5234525086b3ff02db0dbda8,13483602214579027968,-44251936034,4539421119821304268672762,3295675097753821315,-195356,2025-01-12 16:06:35
2c93b88a01b9aa029f1226e8e3ed64cf8dc9f036406580beb58880464915cf4e,4260851664869057658,-13979409945,4539085054241369904229161,3295675097753821315,-195357,2025-01-12 16:06:59
3043cfc010220d46e54c3e8c9559b4dbaadc158a0d5e7fd3381128fbccbb2bee,914466673343156127,-3000000000,4539012934120152619281437,3295675097753821315,-195358,2025-01-12 16:06:59
674feef11916c9bfc1df7e62302aefab2d414ba8e906bb6ba8892b0bb95d2a7c,-59478593050288465,195317884,4539017627222249641161898,3295675097753821315,-195358,2025-01-12 16:07:11
7ae2b37c4203018799b3eb08c25b26fe7ed453d90e1381bcfac5d2ea790e3351,6472254563344871668,-21230201904,4538507252310634903128351,3295675097753821315,-195360,2025-01-12 16:07:11
bf68430fd2035de073f6fa24d765ab445eb760201b0109eb0277f511dd05c791,157917234556155815,-517938312,4538494801052686731144668,3295675097753821315,-195360,2025-01-12 16:08:23
bb6f074e6a186b961fec50ce58e87c44395c6da9af842a0e93079a2d7c7001d3,-217412865053789838,713786943,4538511951939891375657968,3295675097753821315,-195360,2025-01-12 16:10:11
0ba80bcf00360424a980821bdf39dd80f596d2cbfeebd23a9340c7a1f1fdcbf5,8502112646157216208,-27881318612,4537841683913888918707354,3295675097753821315,-195363,2025-01-12 16:10:47
94ba863e816aa0cebfa90a383dffe4c3d8459ddf8bad1a9b68697d8345fc1683,-588403692899398036,1931241322,4537888087819735218599282,3295675097753821315,-195363,2025-01-12 16:11:23
aafc9d1cf4da50cf08ee25daa230608dd7f6b7e03b37b47381e88957f00281b7,12210862980518772736,-40029986482,4536925765327248423909566,3295675097753821315,-195367,2025-01-12 16:12:47
8cb849d7dbbbb25ab7612900432d1401368dda72e36d6f9b737ec26bfbedc32f,-172122948208628900,564704770,4536939334064959021560356,3295675097753821315,-195367,2025-01-12 16:12:47
0d1874103b190a7be99474c267da8326d4aab4a6fa9dbe22f0939bf385e169b6,5992049876860501803,-19637210844,4536467254722790819572352,3295675097753821315,-195369,2025-01-12 16:13:11
5f7c7cb540ef07716dde95141ac92f280b03da16e1e3ffc59c22a6471a3c0117,9042203989250279540,-29625473829,4535755057134900553821905,3295675097753821315,-195372,2025-01-12 16:13:23
764ced5ac34ab805aca99cf53897f208525741b77eeec060fa704165a3592f3b,-260565237939411308,854428376,4535775587357317561181446,3295675097753821315,-195372,2025-01-12 16:13:23
da9a66b146cefafa7ad935b2b79952b98023155cfd1fd16abb843e223c6820b0,8196590933147926667,-26847151247,4535130180756548582317075,3295675097753821315,-195375,2025-01-12 16:13:47
7c480870ea00c0827573504836dc6eb95f9e517d6444f9196a98faf4660def6a,343382865308144329,-1124551057,4535103146503689268932813,3295675097753821315,-195375,2025-01-12 16:13:47
67ad5c97e0fc819a49bb656c4d2a90c409f36338b1bd8859558a5cb15bee4ab3,4165999426779678998,-13642242574,4534775186440966201292435,3295675097753821315,-195376,2025-01-12 16:14:23
758f45104ec0be70efdb679bc0ebf1696c08b58e54574ac95a9913f3f18d1483,-210368288442884837,689527224,4534791754415151543504032,3295675097753821315,-195376,2025-01-12 16:15:59
8fa16a94449fdb22582ef08a9411d5b345951aec6a5d252a92527b0707168e9e,-8322679956684639,27279474,4534792409886902600293803,3295675097753821315,-195376,2025-01-12 16:16:35
fc900d81da642e1419dae2914620f595fde5efa32dab19c1daf3a9a31604871f,9664954446916490693,-31642108018,4534031732331622196198656,3295675097753821315,-195380,2025-01-12 16:17:23
867b6dc81d2f2e474d370ec64d2118ed4f2767fbb0b9acb30b4b1a532814c891,14562411453404469248,-47655857537,4532886083590825592375749,3295675097753821316,-195385,2025-01-12 16:18:47
b4b4ba386e78162728248533ed1a9b22a026ff697082a58ebf96ea014350811b,14348000730596857564,-46930645049,4531757868987560258174976,3295675097753821316,-195390,2025-01-12 16:19:23
0c7f0a59ec0c09f6375489632714dba27ddb545d7b5b210b4bc4b514141982bf,-146365909958761126,479106949,4531769380979085059998935,3295675097753821316,-195390,2025-01-12 16:20:59
a843ddead5efedc93ed745b877a4ddd9b3ab6268a38f078fbde7881e3ac814ad,295959337650182162,-967807647,4531746114844133553931535,3295675097753821316,-195390,2025-01-12 16:21:23
43791be8d7bbc8d6a3fe2da56dc36a2101f60368a167267b7d70a481441a7ada,15998000000000000000,-52299791570,4530488825741556174840192,3295675097753821316,-195395,2025-01-12 16:22:11
aa26a383871544e8e0d435c1ef6eb1dc820bbde1beb43f38c94cc0c9e1c52407,-19819916406493804422,64863347176,4532047363569766774115634,3295675097753821316,-195389,2025-01-12 16:22:23
db91aab5a82eaaa730394961f2ce91df8fdb5e3d31712fa4d65f0b0fcbde59fb,-7552202204617397,24724106,4532047957641066990913229,3295675097753821316,-195389,2025-01-12 16:22:23
bc1f06a3b7f48107205c525526142b82e71d79528114ebbb59381dbbfcb00f35,-10115924664060750038,33122939740,4532843836312366220360229,3295675097753821316,-195385,2025-01-12 16:23:35
c9a065e9c7c17b1f2f257d127c988e4a79c7038bb8ec79e17cdc5c7aa401608f,-11965523956624264486,39194171635,4533785594667402702297271,3295675097753821316,-195381,2025-01-12 16:23:47
cda59d81ce8c85c30f21983f4d256324757e7a3dc6071ba971344e81ab810e81,-128155329918528241,419872693,4533795683377013735589267,3295675097753821316,-195381,2025-01-12 16:24:23
c6a24147eb0c755059c87a19da93985ac916458932819b4596164cb5cbcc0069,-181190471443087386,593633833,4533809947222852609635430,3295675097753821316,-195381,2025-01-12 16:24:47
96d2c063b0b98acbe16f013ff62c7a4ab97a8f9d1ebae520a14d1141ad46999e,-7633192219461423358,25012000000,4534410936068707235439610,3295675097753821315,-195378,2025-01-12 16:25:47
be1ccd09d1bf63efb31ce928ba305611b9833d7fbba4f0635971c188d5f2cc88,-198463263664865809,650401317,4534426563924802696036570,3295675097753821315,-195378,2025-01-12 16:25:47
2ceabd541fc62a45858d8fe62c09601eb5983e383daeedb67df68b75f4f22ca2,-37321082623735528,122308685,4534429502760363400595958,3295675097753821315,-195378,2025-01-12 16:26:47
669807c5a886c6e88359b440bdaf8a911cd91da999fb66503a57ed1c0ef1c4f4,-415264518368311475,1360915936,4534462202876215871106867,3295675097753821315,-195378,2025-01-12 16:27:11
ce2655eee45e66c0f151257e69347279e25f9c405913c8dbba371dae17cad4d4,-25343615101749156,83057406,4534464198581253270846031,3295675097753821315,-195378,2025-01-12 16:27:23
e74e652829f985821b0a6efcc799bbda9eb4e4d0ac617ea9b1b0ee3164a9622e,9999999987351552,-32739761,4534463411516067017952621,3295675097753821315,-195378,2025-01-12 16:27:23
b13d2ab5c384599bbdda97302a6cd91542702f68da604fa61d5f4642d00d87bf,-5925358988880503268,19420893047,4534930057130094635418121,3295675097753821315,-195376,2025-01-12 16:28:23
209308c4ee8bb11886ad5001582618ff264fc552de4f0b4fdd033b2b01cc0909,-1476552466616845246,4840154687,4535046356465567346951660,3295675097753821315,-195375,2025-01-12 16:29:11
559d77f399779ceb82556145fe10b46f7503f94aa78c887fdb544f67af8b4f85,1000000000000000,-3274817,4535046277738825529510940,3295675097753821315,-195375,2025-01-12 16:29:23
d98f1c701e77a87cd602b561ba00beb5b46ce98f0814c9eedb27eb450690d61f,-8383749434681067214,27486726011,4535706729351726198139364,3295675097753821315,-195372,2025-01-12 16:30:59
c4eb295a2ee92e7e96c5c060f66e32c5fa1006f4f4dd5cd794ca7e5f893a5371,-2733407707899593051,8963404641,4535922102221147823006112,3295675097753821315,-195371,2025-01-12 16:31:47
1cab3dc2c2cf7da1ca6f550ef74d66a7b73e48fdce474635cbcad4025d5612ea,-5560020875781632578,18235076122,4536360255001916881339753,3295675097753821315,-195370,2025-01-12 16:32:47
8561872f969474e1f84e5d85b695eaf58b7739adb46a10c16348de9721ba46f0,-775742748986370630,2544466197,4536421393487547090436520,3295675097753821315,-195369,2025-01-12 16:33:23
b005d519ce29288d1c208c43200fd1d29796f103935e5da0294f4f5e95ba310d,-6616044359948472162,21703668373,4536942889673635384971667,3295675097753821315,-195367,2025-01-12 16:34:59
8bf1ac75e91a8b559402e4a81ff435c369fb1b6bb07ad8d42f784aa2ca051a86,-183616795831284195,602418707,4536957364602592281040286,3295675097753821315,-195367,2025-01-12 16:35:23
7087c7d19ebdbeecced7c91d3555c6eadba4f903ca0d67e200c716f83280424b,-5356853390173031626,17576711167,4537379698176814022813821,3295675097753821315,-195365,2025-01-12 16:35:35
ae7c29ce5fea2aa77516ed3dfdb16d1095778552fb369bebe38224cd137b36c5,-13890537208939596303,45592369709,4538475192565604309082142,3295675097753821315,-195360,2025-01-12 16:35:59
5f1722ac3051a401dc09e14881e2c860e12f72074176401234d264d767ccefa5,-7422448768031004797,24371440971,4539060790046068570666671,3295675097753821315,-195358,2025-01-12 16:36:35
427b03e02bf5021055ac084a2ca267072129476cc02e725efea150536df629a4,458377688213886996,-1503750000,4539024639835308406586624,3295675097753821315,-195358,2025-01-12 16:36:35
54cb99f5095976fdce127716d5003696755759a0205b95455857bd7fd7892dc1,-6187309256148842322,20320371914,4539512898145899100713817,3295675097753821315,-195356,2025-01-12 16:36:47
eb4fad5537e2d306f7b29e001906c08479ee496ddeaa8640dd617ce495392e41,-199360210397485798,654811852,4539528631978425883242028,3295675097753821315,-195356,2025-01-12 16:37:11
4a30a4ac658b56512af34e3eaf8b181d91cf1820bbaf6a2faf366f4f08ef04d3,310000000000000000,-1017195674,4539504178553314408132998,3295675097753821315,-195356,2025-01-12 16:37:23
d75f1f5c4fb659882cbccded8af450ce569b82e1a96d8059eba5f6b11b524a9d,4171419974627440525,-13687373017,4539459392937971812325035,24213699098238754947,-195356,2025-01-12 16:37:35
fe0fec78580a9f17d5325f6141c37de98e13a5a2c359132f0a9cfdc4cfdeb957,-1114605501114622069,3660967749,4539547358745672640496481,3295675097753821315,-195355,2025-01-12 16:37:35
8ce3b8f26043b75f26c085356a77236f5efa1352950073c7615ba18e0a32c24d,-181999665406200336,597798885,4539561722669454482475816,3295675097753821315,-195355,2025-01-12 16:37:59
53e8a8fcb0482bed1dfb452939848b1b108cad9b6724cb0503832660b78121e1,3659334275611909600,-12006763334,4539273079593755073944305,3295675097753821315,-195357,2025-01-12 16:39:23
cf1939811aca090a2705450bbe29ac609a97eeef0b8b12ead03c9716f64150fe,1381280043999634512,-4531766929,4539164135733660508313236,3295675097753821315,-195357,2025-01-12 16:39:35
5c619a23466558925fdb3c1f74e44cb855f21f0ae302066748a0ab6e045818e1,20979520514593880103,-68803840418,4537510088629923179502728,3295675097753821315,-195364,2025-01-12 16:39:47
ed4917d5ad3656b7bfdbc0ac06ed72fc491633da6ae93d5c77b06747ec274f01,1000000000000000000,-3278319636,4537431277693400736399256,3295675097753821315,-195365,2025-01-12 16:39:59
66d16a0d9aac3754c66da3e1b0858284c6e611562e4e01b32efeb8d7a90792f1,-39867116334990822,130825764,4537434421177522247974933,3295675097753821315,-195365,2025-01-12 16:40:47
a83ed9a135a1d8c0bc093d4a8a315f802e6e88a191b3f1b44a18f8194601bbc1,100000000000000000,-327826154,4537426540223523411825710,3295675097753821315,-195365,2025-01-12 16:40:47
0811f06f084ebc9c82882625b295c28837b2dc47a1464ca6221180c7b9714569,-1980711212582643446,6500000000,4537582722356029543820418,3295675097753821315,-195364,2025-01-12 16:40:47
2204412262492c08f5347f859c106d80c8935452e78dc02f4922964ceba768f7,611231397290686220,-2003889575,4537534548769676562543518,3295675097753821315,-195364,2025-01-12 16:41:47
eae9a122d3ab0cac64ce7223d78d31bda732c4917171631513ccd05a38eddd6f,134436371900137472,-440736775,4537523953439787980270530,3295675097753821315,-195364,2025-01-12 16:42:11
b0c83b281c4a1bee2c0020d7f6b28949c385bd7407a4687093469ffa1d0dee15,-368115217857590785,1208043145,4537552980325092397680436,3295675097753821315,-195364,2025-01-12 16:42:11
5ca6db3eeb451969b3ad0b110bfa7f99901ffd7eb839a47252d54bc84f00e4b5,-65964562011407036,216477435,4537558181849306799842249,3295675097753821315,-195364,2025-01-12 16:42:59
0de2a3502c0df9e4b364e89ef066b954894653f060f2b6e5c843d303ab9d3898,740000000000000000,-2426018912,4537499860256635181968769,3295675097753821315,-195364,2025-01-12 16:43:35
138b7077fd4326d94a87bd002a0432c95f2162329c5933bc38faf7757c4ba997,-6313195891261931943,20719925865,4537997719057705045664236,3295675097753821315,-195362,2025-01-12 16:43:59
a32c46f1ee6d9a4a091540b46fd357ae2640488da3d47978da314bb76f00c816,441758228446516339,-1448550006,4537962895857011100664642,3295675097753821315,-195362,2025-01-12 16:44:11
b93f787943e1c243706a5d522986c83b0a1adb928c147fa4cb6b8b3dc6374274,4359258697871613848,-14293061742,4537619290075208297427878,3295675097753821315,-195364,2025-01-12 16:44:35
7f28f83206afcfae3344e88a9c8261fca1f1c8b3538fe19ee9f07a2a6979eb70,-5142731258790261626,16879002997,4538024859103296064895239,3295675097753821315,-195362,2025-01-12 16:44:59
23663caf75796d138dd88032c53bc3cd13548ca83c9c7f8c50e665513cdd32e3,-26016066797571560,85395230,4538026910981614078959390,3295675097753821315,-195362,2025-01-12 16:45:35
e71f14a034edae472ef03e7c5791b834a042ac35ce6dbce74a59caae67337e53,9004917068278503,-29528229,4538026201121772620625737,3295675097753821315,-195362,2025-01-12 16:47:11
7ccf2bf780dcb05ca82646309dedd5099a639a74ebb984f30c00cd383bb368cb,2538106075306588265,-8322393576,4537826130443926817058395,3295675097753821315,-195363,2025-01-12 16:48:47
f07281239211768c5b842cc0444bb1e9513a599b9fe02ea132d3c4663cc3a5ae,7032960000000000000,-23057086532,4537271837152054026499198,3295675097753821315,-195365,2025-01-12 16:48:59
c4438e153b9c91bdc7c2bc116015c1eee78cd05abb7d289f2183fe36fd9e5d7b,412371832748986118,-1351758510,4537239340822847400134700,3295675097753821315,-195366,2025-01-12 16:48:59
b4029dd2329527e58dce726f4502d70d27b31c2dacfe6b182ddabf75a4eaf93d,-356917621069415009,1171148848,4537267481211227820738893,3295675097753821315,-195366,2025-01-12 16:49:11
8df862a0a0837b270ec4d2637421fcb8ef6eb35cb39774fd112dde45c8f97371,-276461765537895993,907160148,4537289278473734670170896,3295675097753821315,-195365,2025-01-12 16:49:11
45e22c88e3c1b232bb180e10ab03474fcf8f10bf0f3b931470a8e3d7f58cdf08,-3651912942396779,11983162,4537289566405385416847148,3295675097753821315,-195365,2025-01-12 16:49:59
708d7ab8b43208720b37c5ff0fbf0d26e14add50af128bf0c22a1659464eacca,-12514677821014016,41064903,4537290553113697658612279,3295675097753821315,-195365,2025-01-12 16:49:59
c0829bf071e562ba28184c0c3b1bd51fab35ec7a81c1ed2352bc771a9fdab6c6,-115806118821681366,380000000,4537299683761444170944277,3295675097753821315,-195365,2025-01-12 16:50:47
a0d92a10541e3430226808fd571d6f3cefde6e36d52989f8f4a2237a9d01226c,111779049447419315,-366419122,4537290875030945847237020,3295675097753821315,-195365,2025-01-12 16:52:23
01f381c57c80b49f63c6f7b9c4d9d7fb3769c965b281b7cb621789fcaccc0485,100000000000000000,-327805412,4537282994575581964635439,3295675097753821315,-195365,2025-01-12 16:52:23
0ba659f98595b43beaf45c5ccd7413058808138eae6793eac73bfa49280ee110,559440000000000000,-1833853596,4537238908661023577048663,3295675097753821315,-195366,2025-01-12 16:52:35
01db7fb54870c59deccf9dc9e3824211ce9c911c011765eb308ea3d68d5a9bc1,13393377116081922048,-43893075433,4536183717354078910673533,3295675097753821315,-195370,2025-01-12 16:53:59
ef52dd470d431b3a46cc982a4d047ea03783890e2190432ea0c1c29c80fffef5,4075585500153742447,-13352548892,4535862721539175115444666,3295675097753821315,-195372,2025-01-12 16:53:59
87afa32ff3b9eaec4e016df947739ae1eb1195c5cd374a6cddaf0013a0d515a7,-6173248306513455850,20245949987,4536349191638187598466816,3295675097753821315,-195370,2025-01-12 16:56:59
e48c3b9cbe95c2110eb12083c9150a7b4ab094d67f5253f6b076862b8c08775d,-6195110619925162637,20322016527,4536837489465556311180950,3295675097753821315,-195367,2025-01-12 16:58:23
fe000dd2e090562b268c0fec5f75b3b0c59025005d19245a85ed86fc3d2ba8be,-8883797231163384241,29149436210,4537537892713016220269955,3295675097753821315,-195364,2025-01-12 16:58:35
e9659d37a81abd2e1df2a7cf1cd0e9076ae12d368e6c9a70db3a8a61039444d8,1772026200000000000,-5809261583,4537398237829822150776907,3295675097753821315,-195365,2025-01-12 16:59:35
e50137419819d2c55afb74288c3bdcd52ca4bf048bbf1fc36349fdcd74785202,-132935302792620227,436227623,4537408719516035807074363,3295675097753821315,-195365,2025-01-12 16:59:47
5608ded689ccbb6b24cf95bbde43cc483d2df0e7e5e1ee24249a63a39850606d,-14961020331372619851,49107516777,4538588675930223031818196,3295675097753821315,-195360,2025-01-12 17:00:11
3e10273e4cd7b85655a765e27bd06f111b2d5956e95a5602ba858ed93429ec18,-293041959424291163,962125458,4538611793900334806033894,3295675097753821315,-195360,2025-01-12 17:00:47
6a6c27c364ba7e80d832e5b4a540809fe770be9f3ae87c5653ff52b252b8ff2a,-174067059955615748,571507609,4538625526096809660155861,3295675097753821315,-195360,2025-01-12 17:02:47
68867c49d9ab122c4fd8f80f7e1b683c10fcc68dde4c478dc99ef4051b46c950,182434082031249999,-598379811,4538611141021952436310406,3295675097753821315,-195360,2025-01-12 17:03:47
088ffa5f124acf370b3110bb343dfd9035bbf675bd9cdbb918075b92dbe66eca,-149077756283462765,489460847,4538622901797148226088469,3295675097753821315,-195360,2025-01-12 17:03:47
d7aa5f76484d690c710a1f9a708aa419123e4d1f1122a879a2cc7af5aaaba086,-4771930196246354188,15668821790,4538999392566533509316119,3295675097753821315,-195358,2025-01-12 17:03:59
aa4756e48dc95ad6acd5c158805f3af0f009c9c41576b9577dfcb72aa9017bd9,-4945829414018141731,16242570361,4539389669378261789147314,3295675097753821315,-195356,2025-01-12 17:04:11
8b1adbfaa683d7784118628948345491811431e8dd6213acb20ce0b1e4d88d48,9330000000000000000,-30607637016,4538653860547657068964483,3295675097753821315,-195359,2025-01-12 17:04:35
f54d5d69341b0bd2735b5964c0b282107d73b0bec9c9f7f5c59c9a804b601343,698757404543398137,-2291917111,4538598762767695387319191,3295675097753821315,-195360,2025-01-12 17:05:11
46debd39d0a96ded4c141564c444abe18d6a729be96ce948c6e58c1cd7315984,422970195420640025,-1387310861,4538565411758537840762964,3295675097753821315,-195360,2025-01-12 17:05:47
da88039e235b3a25666f87166a09ed173b21a1116577bf83e5e302227fb31141,-243664867442034130,800000000,4538584634174846287777697,3295675097753821315,-195360,2025-01-12 17:07:23
57a44bcd120184056ef2f4a4d31413d7efe9a73a7d8c84ca5d912c7b282d4bd6,22000000000000000,-72158421,4538582899483483945486330,3295675097753821315,-195360,2025-01-12 17:07:47
f83835cebc46c195bed45cafd4a0aebd74d36a2b0483de2c123a8cd046474909,-194797391559115465,639562788,4538598266911177286022710,3295675097753821315,-195360,2025-01-12 17:08:35
37d7f8af05a318854fe84cfa4963a3effdc5d161b1a159d3036bc9df3f081b88,10000000000000000,-32799486,4538597478410202225005744,3295675097753821315,-195360,2025-01-12 17:11:23
bb76a0b8788990d48920347e9393859436350a3ebcead3265c9e8ca1602d9347,-50081649762154295141,164572861460,4542551838480266353174161,3295675097753821315,-195342,2025-01-12 17:12:23
574ef584ac577101df54aafb2141e628b3fcf356b7bf18c6b36d37481345d883,455268138182575955,-1495847205,4542515878253002100747039,3295675097753821315,-195342,2025-01-12 17:13:11
2b78e365b5195a0530e6fe880a29de8db456810138ee92020e760b3f8df5ee75,-16020343857450890903,52704030936,4543782251782720639423822,3295675097753821315,-195337,2025-01-12 17:13:35
4002ced4d750c4115300d0bfeb0ecfc7261cede20d3a259bda58d93d854a99f4,375000000000000000,-1232784279,4543752615598821084239972,3295675097753821315,-195337,2025-01-12 17:15:23
3d58ed7e7d538c35e819fe61fcafa153d57c3207bbc70b247e2449d99b2d050c,-8017695302398721270,26387456822,4544386653949244494315520,3295675097753821315,-195334,2025-01-12 17:15:35
58bbe3cd3be8aad6d3ebfe02943a3570e59e3a3dfd8871896f6475c9b7ecc498,31000000000000000,-101937890,4544384203358238048311697,3295675097753821315,-195334,2025-01-12 17:17:23
2bb9f4188e0c7d61c95158eb31d91580aea63e7cd644f7015e96763228d93f57,-43597294739968903,143505316,4544387651506888110670776,3295675097753821315,-195334,2025-01-12 17:17:23
0d222e8e6663a4249862a5f79de29405723f1f16767274b5abfacdef3a5ff4dc,9771736913752529129,-32127158986,4543615313306725570361496,3295675097753821315,-195338,2025-01-12 17:18:23
9bc264280c7ff3357d9c28f62de0a22fd3ebfa48739eb6dfce40a73625f0948b,12170075100818255581,-39997061166,4542653782340172161062404,3295675097753821315,-195342,2025-01-12 17:18:47
776b0a10910700901478390d446c64d97bcd242c4d61d49a4d7357fa1d3bd3a5,5623473459500000000,-18475878263,4542209621480186751903502,3295675097753821315,-195344,2025-01-12 17:19:11
489357641fa1aed725490627f22f48e748a59fe1e401cbd8c9b3bec5db0966a4,4795485864874486011,-15752677513,4541830926476273269817059,3295675097753821315,-195345,2025-01-12 17:19:23
9d0bbb9381bb21e1385103a55835e5012eb56fbc98338d83d76087b65f4013ce,154236530980823148,-506607531,4541818747610758166669762,3295675097753821315,-195345,2025-01-12 17:19:35
804777fe78dbc4bd6c691906f0c727a1a7d33b468ccee64b8d317ec31727f7eb,37506916663851579537,-123115147546,4538859054489171125587197,3295675097753821315,-195358,2025-01-12 17:20:23
fb8c7ebda752977942d08120bc3a31526dc618c71e650aaf7a5badd66ba48bb7,13500000000000000,-44284392,4538857989890586539662582,3295675097753821315,-195359,2025-01-12 17:20:23
a97f274e0575e4c77da9c402931e29de234c78d9d59d1c5f1eed176b929dc91f,7485925888224201462,-24553073415,4538267733013581862889524,3295675097753821315,-195361,2025-01-12 17:20:23
fbfd7524febed1a48a098287b07150e28cb2ba35d14f6b0ebd2ecb8be283e551,-18223317592380933869,59841611730,4539705608480131750202757,3295675097753821315,-195355,2025-01-12 17:20:35
76e1977cbf4c614209e0823def39ce82bef5dd1d10dadc2a76ddc757238cf79d,4104101052908430702,-13466851943,4539381864815277766444547,3295675097753821315,-195356,2025-01-12 17:20:35
1d4928c998f30425254e52e92eef9766c655b95261a7a830c5c4e8ab105fe4ac,-10613326622820114975,34864475835,4540219589151370984205649,3295675097753821315,-195353,2025-01-12 17:20:47
bfa157077ddb31d422182507396675d72d1e7089f4773880fd4b610d6bb2418c,-913066920909623162,3000000000,4540291673212527660510899,3295675097753821315,-195352,2025-01-12 17:20:47
4919c4aa751089660975971fe6a4c266c6970f8ec32d0c66d1147aaf26cf487f,4796834299656356231,-15743803098,4539913191549895182373706,3295675097753821315,-195354,2025-01-12 17:20:59
ddf0b075716ce3b819d31a8095b5ffad3da0a4d574189312c07f5f715aff9d30,-6655642997472494804,21867211744,4540438617359452267357257,3295675097753821315,-195352,2025-01-12 17:21:11
d1c75e915c729429f53d0c24f7fe4edcae5043696523eedc0ef15d0574225553,-74715977387693760,245509159,4540444516458519451909245,3295675097753821315,-195352,2025-01-12 17:21:23
d1b03053b1d26c1389978d6a273357faa55f938059d4cf28a1ee9e8486831234,-6861520150093439554,22548982217,4540986323862881698365859,3295675097753821315,-195349,2025-01-12 17:21:35
cd92422a9ae3a7f6409c24872064afc664538552da12cd1d8e76646cf2af6978,12000000000000000,-39400812,4540985376665764557563099,3295675097753821315,-195349,2025-01-12 17:21:35
09b0b42d8e59c5bf811f6103a8f71b770d397c608aeb81b61621c250c699137b,-7348747011663776891,24156112572,4541565800231063261427244,3295675097753821315,-195347,2025-01-12 17:21:47
fefc46c771318f8d0bf901f8caa012114a253ad1da220475786fc203a92355f1,-912525702778782631,3000000000,4541637884292219937732494,3295675097753821315,-195346,2025-01-12 17:21:59
031f14708797b78b15db4649d29f423ea7080fc1d45be20d954f75f5e1ef77e8,-273752062317318875,900000000,4541659509510566940624069,3295675097753821315,-195346,2025-01-12 17:22:11
e53339857cf64e5710aa617f22eabaeb9bdd9c32afc8b4cd71b35a1abefa8b40,-267832249770909754,880546045,4541680667288863124633216,3295675097753821315,-195346,2025-01-12 17:23:47
9dc9b8413bedf08800f07b34cd2645585c08a7231429f2c460daa41da98c5338,4767176428084019080,-15656044759,4541304295340244101911818,3295675097753821315,-195348,2025-01-12 17:24:23
999f776ca97c1e292408cb8da34588d6f9917e868f568c1cbab63494da80082c,-912630798097388578,3000000000,4541376379401400778217068,3295675097753821315,-195347,2025-01-12 17:24:47
1dc77c6917d9f9ce0f40d876c59062e0c3b599acd439a11e5c3ef4ab657329ac,19502067183620130,-64044099,4541374839778654195544951,3295675097753821315,-195347,2025-01-12 17:25:23
92dd58726e5cbeae90aafc77916e1c54d06ae5495b3098f2d69fec9c11c6f4c4,1930000000000000000,-6337837040,4541222477920112907759802,3295675097753821315,-195348,2025-01-12 17:25:23
2e2084a3e04a827e3d38d396f94257c10c4ee153746a0057b6c5a89b7fd9523a,339300000000000000,-1114167501,4541195693288349559525775,3295675097753821315,-195348,2025-01-12 17:25:35
98a45dc63bca33fdad2e9cda1418ff118869eba909d1026a3ebf2b885df44f23,-912674449145479824,3000000000,4541267777349506235831025,3295675097753821315,-195348,2025-01-12 17:25:47
9de63be527ddeae2576c362d026d99e9b93b671713f58dbe4f1754d8be3e3c64,381141628072773076,-1251587912,4541237689125515029918770,3295675097753821315,-195348,2025-01-12 17:26:11
bbacd6af66e0f21047d1f655b749f1fabc2208e1a6b8a0e07747d76fd032685f,7492500000000000,-24603607,4541237097653792554094877,3295675097753821315,-195348,2025-01-12 17:26:35
431ea036af30f3dab1a7c442faec0f193c36b21285a152e31e6316633f5720f2,2166597437683919891,-7114327502,4541066068933167581101763,3295675097753821315,-195349,2025-01-12 17:26:47
b99eb5181837641693c7b3153061b3300528cf366c01e37f3358926b9274179b,29636029470490495,-97310357,4541063729588250412894066,3295675097753821315,-195349,2025-01-12 17:27:23
c1b6a009b1b6bcb3894091ea2b6a814e55c3c0a30b1d49b29e335e05df31c0c7,62541119347390414,-205354395,4541058792860292890886548,3295675097753821315,-195349,2025-01-12 17:27:59
d44f8c2d4e2c04e8179b06c93c193b867e7e5c3cf532225777b42d48c7980a3b,6247626236854251769,-20511893764,4540565686105406113088517,3295675097753821315,-195351,2025-01-12 17:28:35
d15c2da7a48ca27fd1dc85f9b322dc92e2ef2d9c4dc2b31a792e093d5dc2a452,4761189088984379265,-15628706970,4540189971358340132264161,3295675097753821315,-195353,2025-01-12 17:29:11
79f1f7bb6a4165114d2f1e0f6ff72f7335c10e3f0390f0efb869bb74b5812a68,3262756712985287115,-10708576590,4539932536744414359927498,3295675097753821315,-195354,2025-01-12 17:29:23
5e6da46b518c653500661ab1e4a949588e6b99c18606e4b6e16e182d10253912,257961522732932864,-846594445,4539912184579746264422326,3295675097753821315,-195354,2025-01-12 17:30:47
6a05a8f312985dba54947cf421ec59cf3730dbd61e726c83ef569ba8d12f6cb8,-98411341539502644,323294886,4539919952715844229017901,3295675097753821315,-195354,2025-01-12 17:31:11
947a0db6ae596f24b56a28be0361bda08367817b82bbc93e53ddcdaf75910ce1,9364534170620856796,-30728087406,4539181248252990016887777,3295675097753821315,-195357,2025-01-12 17:31:47
7cd3c75ad23b2c9e7f9ea6c49e662c5dfc1bfdaa6e3f6a5ec5a2507773df3ba2,468631946694232897,-1537471360,4539144287379369762974035,3295675097753821315,-195357,2025-01-12 17:31:47
53a1d97f2dffa3399f7e0e77051b8c83441d4cee42c9b5ae9ed462ff451331c5,1850846057033097638,-6071946535,4538998317539321144582528,3295675097753821315,-195358,2025-01-12 17:32:11
0eedd0d38aa7120036caadbbe289fcc0df4d94cd42ec7accacf7e97c112031b6,-465195988675074334,1527627792,4539035023411046366548408,3295675097753821315,-195358,2025-01-12 17:32:35
cd1c5a9d7a202c9064e48d1ba8fd76afe9f662f95ec5ea0b84052868b2c0e710,1853392915064833130,-6080008856,4538888859752458851821983,3295675097753821315,-195358,2025-01-12 17:32:35
46212a479d506ecb52278198cb6e181ffc84433719dd97aaef5505a831112cd0,13745409012780754793,-45079250933,4537805152738545567960343,3295675097753821315,-195363,2025-01-12 17:32:59
3cdb0d7c8dcd21c235f29d9949642e535fd24f280724a5f5b8121e2ba20a14a9,928977765876677273,-3045885900,4537731929518416137058825,3295675097753821315,-195363,2025-01-12 17:33:11
ebfb290db18ac179a7324d4c92fc0d6ed8e907652a689cb04e17d0fd44ea436b,2834264511800006654,-9292237506,4537508543753299249628980,3295675097753821315,-195364,2025-01-12 17:33:23
4a7672b993ed967f5daaa546a025fbd5115394c98acb5bf3e7128376a2b9bd9e,-98589082917722749,323535929,4537516317681195868901869,3295675097753821315,-195364,2025-01-12 17:33:23
ffb1626951010ed4f197f69d18d82b1f5405acbe33f657a68aa53bb874efc8e4,257961522732932864,-845693546,4537495987174158954840553,3295675097753821315,-195365,2025-01-12 17:33:59
aeab3d4d8a633f1804d232ac6984a929affe6c7c6da1e9fcc1eb1bd1f7b9ccc5,-9022500000000000000,29613213057,4538207534061150093355942,3295675097753821315,-195361,2025-01-12 17:34:11
83e28e4dc3f953d66d83113cc76be8096a0ffb2cee79a6071628150ee61aaab7,14449665102888291860,-47374115711,4537068658405268577328502,3295675097753821315,-195366,2025-01-12 17:35:11
c19245557d1de223ca12e5a406967f743123481a128da63be6bc23b35bbbdaad,-199065445661696600,653139756,4537084352060637431323499,3295675097753821315,-195366,2025-01-12 17:35:23
5a07a233ee57ba6bc98ea427f3c283839a69738dd594346dfe9e5c18564bcb1e,12950000000000000,-42447000,4537083331633024417585427,3295675097753821315,-195366,2025-01-12 17:35:23
8ca3b2336c0fa972e3de199ea59024b925ce8a9777848f3c8c999856bd24d7a1,-4666202795889700,15310000,4537083699502016520490171,3295675097753821315,-195366,2025-01-12 17:35:47
15510afbe26627808158a77e57e5d991b3a8d168edda46cfa3eb838c23231177,-7819849160575128523,25660730032,4537700276046310081198222,3295675097753821315,-195364,2025-01-12 17:35:59
1798ac935b9da09700aad1566e8a5b3ac063a016d13c543142e362ac279548e1,-365635907561895557,1200000000,4537729109670772751720322,3295675097753821315,-195363,2025-01-12 17:36:11
8f04459348b4932214206b349373f3678bd50571deb7e8e63acd17dea77a78bb,-35385950794733355,116135850,4537731900185342242912586,3295675097753821315,-195363,2025-01-12 17:36:35
e64c71f40b1351ba74c862718676d843f821b7c159b15948195aca52917a203a,-21595033740227760953,70901039895,4539435511817295356331843,3295675097753821315,-195356,2025-01-12 17:36:47
7bf2ccc9fc51897974d976aba278f82c784a0c368167395d973a85c1cf1c556e,-452016300226813135,1484633462,4539471184620378908250132,3295675097753821315,-195356,2025-01-12 17:36:59
8664d3a77b5b8d8ad785627274817e86f1e919c2867d1fe8a26f8fc7d4c801de,-16890861269020841280,55494239800,4540804601345571990997599,3295675097753821315,-195350,2025-01-12 17:37:11
11d6949f06828b33df9ed68776ccb46add21a0e20a992cd4878633d3863ab76f,4388652393217994835,-14407456420,4540458245511077360278612,3295675097753821315,-195351,2025-01-12 17:37:23
8ce89afb113b313840e2bd0614ee0ea6d5ccaf52224eee3220b39cbecdd7d8d5,-1462154576472007796,4804649781,4540573691733958066366423,3295675097753821315,-195351,2025-01-12 17:38:23
363dfa6b238413187017f9e457b33e7115c664dd1c724402d90315ea1c51159f,-7616728804709620052,25032574096,4541175174934616878606709,3295675097753821315,-195348,2025-01-12 17:38:47
b4d90ec7f1bfa30bfcd4f0434ae860a92db1067153304a8d88ed5f44b3c2f001,-99391253631163132,326695734,4541183024786370108366183,3295675097753821315,-195348,2025-01-12 17:38:59
d24be99922dd83202884f11dafec770f8d6f4d5bcf5a8a011fcea3a15bdf933b,-15452227249142421658,50804696478,4542403761069007323659275,3295675097753821315,-195343,2025-01-12 17:39:11
63beb7d1c6ccb0874bfd8d56d2692111ca6f24720103f1da152b1f28ca8d7959,-98354512223538051,323462945,4542411533243231075412663,3295675097753821315,-195343,2025-01-12 17:39:23
9f0ef118c07cdc71933d11114b11c93dfc40ed9634f277c55b988f5257717cc0,-79385178046543809,261078443,4542417806441362994184150,3295675097753821315,-195343,2025-01-12 17:39:47
2adb7e947f1533cfd863df608407573b9b04fa9bc095c1d941c9d6303f9d3376,150000000000000000,-492819532,4542405959039884167620923,3295675097753821315,-195343,2025-01-12 17:40:35
9bff31af6afa7ed6312892239e52feb7603e79e6984f0feda834be64a5695fa0,-118678085809562236,390302519,4542415337236749432909538,3295675097753821315,-195343,2025-01-12 17:41:35
1f8819666f3497f2d64bd015dd0cb62d0d16de8039464c4a724bdf8417c48564,-13525544138220355976,44492689994,4543484408498933539427048,3295675097753821315,-195338,2025-01-12 17:41:47
c0884ba079fd9a76904053cf5d917c8a45c522f547330d8b4f12f951b1c1219c,-4804551681231880751,15809760723,4543864285751861240194571,3295675097753821315,-195336,2025-01-12 17:42:11
e1e8bfa54a54ffa7be252b60716c5c2633a1c673d97ad96c501c8cb600647ebd,12166745243563030,-39998956,4543863324175341320000276,3295675097753821315,-195336,2025-01-12 17:44:47
b43bb67265fa9cc2b0f1b55f8abbafbe40be0a8cb95153262341fbd5de4b177f,-125869585577180127,414219278,4543873277044588516980369,3295675097753821315,-195336,2025-01-12 17:44:47
8716d5031a5c7ab3815972ff2844d669bbb52d8e694a9c774956b002e7cd12b9,-20903292395978558,68790000,4543874929932110839568048,3295675097753821315,-195336,2025-01-12 17:45:11
50ad99d2889a410499535424089dea5a683014b5b48b0acc529596dc66394e84,-531769295988271627,1750000000,4543916978967785567412777,3295675097753821315,-195336,2025-01-12 17:48:35
123411acf3e9e6faf6d15671041674624d3fbc2da30f5de231aaf04dd60b98b8,6000000000000000,-19725844,4543916504757679622792799,3295675097753821315,-195336,2025-01-12 17:48:59
f1066207011e8b6def26a7b4d70c331eb8698ecdd7c57b8e5bd1ed3fde0df542,-11190851533566602154,36835488931,4544801588636612865757464,3295675097753821315,-195332,2025-01-12 17:51:23
f9560b6703b2e8265b8c3adc038ec56dce16dd90d651a6a6778bb30b2cb73778,28191970654845884,-92721128,4544799359616936998682884,3295675097753821315,-195332,2025-01-12 17:52:23
511a4a748a80edc0820d836fc0156cabac2d327af011c3f8afee1cd88064cb7d,94293075540742343,-310121695,4544791904278841481273715,3295675097753821315,-195332,2025-01-12 17:55:47
2001a4b7651d94a051ed2a19da3085cb4ccfebfc8cf9fb40bfa4d7bb976040b7,9863515248832302,-32440182,4544791124415555431011964,3295675097753821315,-195332,2025-01-12 17:55:59
80aa0f6e7e659172d3e0cb8116a1e0ed2b42e001d081c8aab36d3bae8b8d4a33,276136032354392800,-908181145,4544769291704124249192687,3295675097753821315,-195332,2025-01-12 17:55:59
366536070be1f650c1743d8f2821dddd7dda2bf5d3e57aee0839ff91aff36da3,4486675777722125191,-14754962313,4544414581813921143686379,3295675097753821315,-195334,2025-01-12 17:56:11
bc38de3d44090a950aecdb0cc79cff70b01a62b45003370608465508e0ea77c6,28899999991235421,-95033592,4544412297202529559019355,3295675097753821315,-195334,2025-01-12 17:56:23
b667f6e241834f54f50a6e141746e243151ca6693fdb9cf852e23a8fdb75fcc0,1200000000000000000,-3945947149,4544317436473625203176936,3295675097753821315,-195334,2025-01-12 17:56:59
3e98804ee561616217b7b2205e2f95cee10749cbf7784894da16eccb7b331021,353407648110660537,-1162075182,4544289500139278525797734,3295675097753821315,-195335,2025-01-12 17:57:35
72ea4264733631bb51c51d4a8f950f7d81ed0e4065c895da2b8d72f445463001,-1822835410781733130,6000000000,4544433668261591878408234,3295675097753821315,-195334,2025-01-12 17:57:59
2010abe083d3f971f6cfe8a40c8089abcea31d29e00c7490932685bab835554a,65047364527923580,-213900786,4544428526078031492508137,3295675097753821315,-195334,2025-01-12 17:57:59
250aeca8d12fbb01961d6af726c314b4beca5311e7121f811ac7eb751f06cf40,76040538732008800,-250049963,4544422514866795457576397,3295675097753821315,-195334,2025-01-12 17:58:59
51f08432bb99e53c46ed4b2dec3ee65f346bdd88dd1fba87b2c7d05b53a5f9ff,355638067848202643,-1169463285,4544394400922158663487902,3295675097753821315,-195334,2025-01-12 17:59:23
f7d2639fbabd2a23948151b91435a5ef892ef9be38c9e26359688bf0414f4168,-116041577377510750,382673453,4542917694734761003177607,4124137105283375692,-195341,2025-01-12 16:07:11
9fbdee7d0d393452d4726552e32a020bfebd9a63861c6c95fdf3461ad83e6dcc,-924805562080115983,3049800483,4542976108214195795282921,4124137105283375692,-195340,2025-01-12 16:12:59
6dc2fb0a2277031e3a45f54e36ff70d41cc93d34e211b7890d15ab34e0bfb4cc,15041619881193109504,-49297053543,4542029070113890643689589,4124137105283375692,-195345,2025-01-12 16:13:11
50e0b93652579568c5e5ec7ab73833bc1f1b367404319b91c48cc09ffb823ac5,9437835975789848393,-30920850675,4541435054415603985394408,4124137105283375692,-195347,2025-01-12 16:13:23
78317bc6f9561643f43a310df0dc0b314d9947d6a4a20a2de522f15f02865680,9892461409992966933,-32401643660,4540812591431430116265052,4124137105283375692,-195350,2025-01-12 16:13:47
dd8113b903ddfb782ec96d40fe805b56630865b5e8f72c8c94b73cbd7af9fdf4,5812744040870825850,-19034846152,4540446915934733027495714,4124137105283375692,-195351,2025-01-12 16:14:23
d032fe4fc4d08200a8b622a01d9acb61c0af999a5272674be1e007c99fcbbe10,11142364048813031004,-36479048640,4539746122551703023357146,4124137105283375692,-195355,2025-01-12 16:17:23
0687261b5163eeada653c81e6f28dd639003b7c8054cbd23a90cab81348cdc6a,3748046965717315066,-12268221279,4539510439642897538614449,4124137105283375692,-195356,2025-01-12 16:17:59
58854c61a2c0fbe922d078bad548fe3ec27b4fc67d5770d6205fa277a8286210,14204025609596319744,-46481489776,4538617490904318613698906,4124137105283375692,-195360,2025-01-12 16:18:47
5d2f3aca871620202b198f8f1d636f3e71933ec7e2574f6a3dfa5d31192db5a2,14604479133369548800,-47772856366,4537697125262299611539404,4108923294086671023,-195364,2025-01-12 16:19:23
f7a9cb9925df71065263a44868763d7faef9b2313d76ba9d06a4842abb4d0d32,13891252545334814720,-45421824634,4536821302705817375255624,4108923294086671023,-195367,2025-01-12 16:19:59
9138dcfcad23e73fc681ff4e8eaae66dcc64a95491da6dc59b1929447baa7e50,-388210821969597414,1276362963,4536089504666398302745520,4108923294086671023,-195371,2025-01-12 16:24:47
1197dd046905c4a488e0e0ac8a3c79e76bf042b6a26ed48bcfd8a26e94fd115a,-21329424902914479,70127472,4536090852806067346525634,4108923294086671023,-195371,2025-01-12 16:35:59
85976981b86fd6eb0d291aa30c23a691dd65b78a4867927a75afce31af111a4c,-944488405009,3106,4536090852865764345858079,4108923294086671023,-195371,2025-01-12 16:37:35
25e615c3ddbdffbd3ff9a0ea5e8bae7968beefa3d803b5bd34197005e2401f5b,-161001715404662813,529347226,4536101029105947037423087,4108923294086671023,-195371,2025-01-12 16:51:35
dac463bd7e40ed53a55d7d02634f753d66eba097fa2fe136125ed65282412a3f,211934775244764640,-692631714,4536087673797489240301472,4108923294086671023,-195371,2025-01-12 16:54:35
a28b83fc9d1f3eea42fbd9e8aca57f18d96f3f332038908b5983ca6511877b6c,-90833397304791868,298644597,4536093414980220618720522,4108923294086671023,-195371,2025-01-12 17:05:47
ba1d370d8a464dc79494a8473fcf6c8700224d3b57a1d00a9f116ea7cf8f8dc8,-7305592607927811217,24022010434,4536555589680318896752162,4105612200074473855,-195369,2025-01-12 17:12:23
f2dfde6141d76b6fcd0ef26e51be2ce11a732705911cc553a31db5e358aa64a8,-24207909760291896680,79634652714,4538087731290086311209657,4105612200074473855,-195362,2025-01-12 17:13:35
fcf9fda159a998945520f1aa7d3147b2aadc1040587cc4516e6d83c9433543da,-9682974006081385376,31868295644,4538699770662776614158336,4120826011271178524,-195359,2025-01-12 17:15:35
83b225f2b780c6695bde6e104fcdf988ca428aa6ee62c8b84374871b25013ca5,-213292370244539013,702074169,4538701735490167428722074,4120826011271178524,-195359,2025-01-12 17:40:35
eeb5bc89cb5617e0fd5ac17b44b7300af963073f4e32c4ae9deafbed51423105,6072696100881736,-19869218,4538701353478968131804843,4120826011271178524,-195359,2025-01-12 17:50:47
7e7d478c5e0bc6eaa002f4049598d0322fe97b9bd2f69c7c28a67c9b1495924f,-91140585881629799,300000000,4538707104059881570188138,4120826011271178524,-195359,2025-01-12 17:51:59
1777da82f811e837c714060fce22205833da7a2ff8c2779a92119030048c18b1,-1230541887996184158,4050544875,4538782802605030216004452,4120826011271178524,-195359,2025-01-12 17:52:23
c0358ac289535dc772a28424509805e3063daf2495a78d177c905d3ddc0b2199,42653759429797339,-139563499,4538780119317847941149941,4120826011271178524,-195359,2025-01-12 17:53:47
32b8db89eca6df2f815fdf36b5e5ca1831daeefe09f2fad31b7c75143c8c29fe,-147533874430007651,485642405,4538789428404316012896266,4120826011271178524,-195359,2025-01-12 17:54:23
9d6dcaa2d70192a20dc8f198e07cea65ddd18350fb5b4589eadb933122a30e77,-273410453476967621,900000000,4538806680147056328046152,4120826011271178524,-195359,2025-01-12 17:54:23
4c7e87c4094a5e1180b2c05ebd4e163567f25306fdfabb0da4bdfb21325e202e,-35887935212682079,118134769,4538808944625535753740823,4120826011271178524,-195359,2025-01-12 17:56:59
